@inproceedings{hintermuller2010semismooth,
  title={Semismooth Newton methods and applications},
  author={Hinterm{\"u}ller, Michael},
  booktitle={Oberwolfach-Seminar on “Mathematics of PDE-Constrained Optimization” at Mathematisches Forschunginstitut in Oberwolfach},
  year={2010}
}
@article{fischer1992special,
  title={A special Newton-type optimization method},
  author={Fischer, Andreas},
  journal={Optimization},
  volume={24},
  number={3-4},
  pages={269--284},
  year={1992},
  publisher={Taylor \& Francis}
}
@Book{wriggers2006computational,
  Title                    = {Computational contact mechanics},
  Author                   = {Wriggers, Peter and Laursen, Tod A},
  Publisher                = {Springer},
  Year                     = {2006},
  Volume                   = {30167}
}

% augmented lagrange: update penalty term
@book{bertsekas2014constrained,
  title={Constrained optimization and Lagrange multiplier methods},
  author={Bertsekas, Dimitri P},
  year={2014},
  publisher={Academic press}
}
